<record><leader>00000cas a22000007a 4500</leader><controlfield tag="001">16736161</controlfield><controlfield tag="008">870923d19611966inuwr ne      0    0eng d</controlfield><datafield ind1=" " ind2=" " tag="010"><subfield code="a">sn 87056354 </subfield></datafield><datafield ind1=" " ind2=" " tag="040"><subfield code="a">NPI</subfield><subfield code="b">eng</subfield><subfield code="c">NPI</subfield><subfield code="d">OCLCQ</subfield></datafield><datafield ind1=" " ind2=" " tag="042"><subfield code="a">msc</subfield></datafield><datafield ind1="0" ind2=" " tag="130"><subfield code="a">North Side topics (Indianapolis, Ind. : Suburban ed.)</subfield></datafield><datafield ind1="1" ind2="4" tag="245"><subfield code="a">The North Side topics.</subfield></datafield><datafield ind1=" " ind2=" " tag="250"><subfield code="a">Suburban ed.</subfield></datafield><datafield ind1=" " ind2=" " tag="260"><subfield code="a">Indianapolis, Ind. :</subfield><subfield code="b">Phoebe E. Hudler,</subfield><subfield code="c">1961-1966.</subfield></datafield><datafield ind1=" " ind2=" " tag="300"><subfield code="a">6 v.</subfield></datafield><datafield ind1=" " ind2=" " tag="310"><subfield code="a">Weekly</subfield></datafield><datafield ind1="0" ind2=" " tag="362"><subfield code="a">39th year, no. 36 (Nov. 2, 1961)-44th year, no. 32 (Sept. 29, 1966).</subfield></datafield><datafield ind1=" " ind2=" " tag="500"><subfield code="a">"A 'Suburban' ed. which will be mailed to residents of northern Marion County and southern Hamilton and Boone counties."</subfield></datafield><datafield ind1=" " ind2=" " tag="752"><subfield code="a">United States</subfield><subfield code="b">Indiana</subfield><subfield code="c">Marion</subfield><subfield code="d">Indianapolis.</subfield></datafield><datafield ind1=" " ind2=" " tag="752"><subfield code="a">United States</subfield><subfield code="b">Indiana</subfield><subfield code="c">Hamilton.</subfield></datafield><datafield ind1=" " ind2=" " tag="752"><subfield code="a">United States</subfield><subfield code="b">Indiana</subfield><subfield code="c">Boone.</subfield></datafield><datafield ind1="0" ind2="0" tag="785"><subfield code="t">Suburban topics</subfield><subfield code="w">(DLC)sn 87056369</subfield></datafield></record>